---
title: "reference.bib"
---

@article{azimian2024,
  author = {Amin Azimian and Alireza Azimian},
  title = {Impact of Areal Factors on Students' Travel Mode Choices: A Bayesian Spatial Analysis},
  journal = {Econometrics},
  year = {2024},
  volume = {12},
  number = {4},
  pages = {30},
  doi = {10.3390/econometrics12040030}
}

@article{deangelis2021,
  author = {Marco De Angelis and Luca Mantecchini and Luca Pietrantoni},
  title = {A Cluster Analysis of University Commuters: Attitudes, Personal Norms and Constraints, and Travel Satisfaction},
  journal = {International Journal of Environmental Research and Public Health},
  year = {2021},
  volume = {18},
  number = {9},
  pages = {4592},
  doi = {10.3390/ijerph18094592}
}

@article{delmelle2012,
  author = {Eric M. Delmelle and Elizabeth Cahill Delmelle},
  title = {Exploring Spatio-Temporal Commuting Patterns in a University Environment},
  journal = {Transport Policy},
  year = {2012},
  volume = {21},
  pages = {1--9},
  doi = {10.1016/j.tranpol.2011.12.007}
}

@article{engelen2019,
  author = {Engelen, Lina and Bohn-Goldbaum, Erika and Crane, Melanie and Mackey, Martin and Rissel, Chris},
  title = {Longer, More Active Commute, but Still Not Very Active: Five-Year Physical Activity and Travel Behavior Change in a University Population},
  journal = {International Journal of Environmental Research and Public Health},
  year = {2019},
  volume = {16},
  number = {13},
  pages = {2420},
  doi = {10.3390/ijerph16132420}
}

@article{kalayci2021,
  author = {Kalayci Onac, Ayse and Cetin, Mehmet and Sevik, Hakan and Orman, Pinar and Karci, Ahenk and Sutcuoglu, Gokce Gonullu},
  title = {Rethinking the Campus Transportation Network in the Scope of Ecological Design Principles},
  journal = {Environmental Science and Pollution Research},
  year = {2021},
  volume = {28},
  number = {36},
  pages = {50847--50866},
  doi = {10.1007/s11356-021-14299-2}
}

@article{khattak2011,
  author = {Khattak, Asad and Wang, Xin and Son, Sanghoon and Agnello, Paul},
  title = {Travel by University Students in Virginia: Is This Travel Different from Travel by the General Population?},
  journal = {Transportation Research Record},
  year = {2011},
  volume = {2255},
  number = {1},
  pages = {137--145},
  doi = {10.3141/2255-15}
}

@article{parsley,
  author = {Parsley, Emma Corinne and Waliczek, Tina Marie},
  title = {Measuring the Perceptions of Sustainability Initiatives within a University Campus},
  note = {Unpublished manuscript}
}

@misc{proposal2008,
  title = {Proposal Request for Research on Engineering Ethics},
  year = {2008},
  url = {https://writing.engr.psu.edu/workbooks/proposal.request.html},
  note = {Accessed: March 17, 2008}
}

@article{romanowska2019,
  author = {Romanowska, Aleksandra and Okraszewska, Romanika and Jamroz, Kazimierz},
  title = {A Study of Transport Behaviour of Academic Communities},
  journal = {Sustainability},
  year = {2019},
  volume = {11},
  number = {13},
  pages = {3519},
  doi = {10.3390/su11133519}
}

@article{tasic2016,
  author = {Tasic, Ivana and Porter, Richard J.},
  title = {Modeling Spatial Relationships between Multimodal Transportation Infrastructure and Traffic Safety Outcomes in Urban Environments},
  journal = {Safety Science},
  year = {2016},
  volume = {82},
  pages = {325--337},
  doi = {10.1016/j.ssci.2015.09.021}
}

@article{taylor2021,
  author = {Taylor, Ryan and Mitra, Raktim},
  title = {Commute Satisfaction and Its Relationship to Post-Secondary Students' Campus Participation and Success},
  journal = {Transportation Research Part D: Transport and Environment},
  year = {2021},
  volume = {96},
  pages = {102890},
  doi = {10.1016/j.trd.2021.102890}
}

@article{young2020,
  author = {Young, Deborah R. and Cradock, Angie L. and Eyler, Amy A. and Fenton, Mark and Pedroso, Margo and Sallis, James F. and Whitsel, Laurie P.},
  title = {Creating Built Environments That Expand Active Transportation and Active Living Across the United States},
  journal = {Circulation},
  year = {2020},
  volume = {142},
  number = {11},
  doi = {10.1161/CIR.0000000000000878}
}

@article{zhou2012,
  author = {Zhou, Jiangping},
  title = {Sustainable Commute in a Car-Dominant City: Factors Affecting Alternative Mode Choices among University Students},
  journal = {Transportation Research Part A: Policy and Practice},
  year = {2012},
  volume = {46},
  number = {7},
  pages = {1013--1029},
  doi = {10.1016/j.tra.2012.04.001}
}

@article{zhou2018,
  author = {Zhou, Jiangping and Wang, Yin and Wu, Jiangyue},
  title = {Mode Choice of Commuter Students in a College Town: An Exploratory Study from the United States},
  journal = {Sustainability},
  year = {2018},
  volume = {10},
  number = {9},
  pages = {3316},
  doi = {10.3390/su10093316}
}
